<record><leader>00000cas a22000007a 4500</leader><controlfield tag="001">32881431</controlfield><controlfield tag="008">950727d18741875akuwr ne      0    0eng d</controlfield><datafield ind1=" " ind2=" " tag="010"><subfield code="a">sn 95068636 </subfield></datafield><datafield ind1=" " ind2=" " tag="040"><subfield code="a">MGN</subfield><subfield code="b">eng</subfield><subfield code="c">MGN</subfield><subfield code="d">OCLCQ</subfield></datafield><datafield ind1=" " ind2=" " tag="042"><subfield code="a">msc</subfield></datafield><datafield ind1="0" ind2=" " tag="130"><subfield code="a">Reformer (Waldron, Ark.)</subfield></datafield><datafield ind1="1" ind2="4" tag="245"><subfield code="a">The Reformer.</subfield></datafield><datafield ind1=" " ind2=" " tag="260"><subfield code="a">Waldron, Scott Co., Ark. :</subfield><subfield code="b">D.K. Allison</subfield></datafield><datafield ind1=" " ind2=" " tag="300"><subfield code="a">v.</subfield></datafield><datafield ind1=" " ind2=" " tag="310"><subfield code="a">Weekly</subfield></datafield><datafield ind1="1" ind2=" " tag="362"><subfield code="a">Began in 1874; ceased in 1875?</subfield></datafield><datafield ind1=" " ind2=" " tag="500"><subfield code="a">Editor: R.A. Allison.</subfield></datafield><datafield ind1=" " ind2=" " tag="500"><subfield code="a">Publisher: R.A. Allison, &lt;1875&gt;.</subfield></datafield><datafield ind1=" " ind2=" " tag="588"><subfield code="a">Description based on: Vol. 1, no. 17 (Aug. 28, 1874).</subfield></datafield><datafield ind1="1" ind2=" " tag="700"><subfield code="a">Allison, R. A.</subfield></datafield><datafield ind1=" " ind2=" " tag="752"><subfield code="a">United States</subfield><subfield code="b">Arkansas</subfield><subfield code="c">Scott</subfield><subfield code="d">Waldron.</subfield></datafield></record>